@book{ECP_2015,
      author = {Anthony Scopatz and Kathryn D. Huff},
      year = {2015},
      title = {Effective Computation in Physics: Field Guide to Research with Python},
      publisher = {O'Reily},
      ibsn = {978-1-491-90152-3}
      }

@misc{EIA_2024,
      author = {U.S. Energy Information Administration}, 
      year = {2024},
      title = {U.S. Crude Oil First Purchase Price},
      note = {\url{https://www.eia.gov/dnav/pet/hist/LeafHandler.ashx?n=pet&s=f000000__3&f=m} }
      }

@misc{Gross_2019,
      author = {Samantha Gross},
      year = {2019},
      title = {What Iran's 1979 revolution meant for US and global oil markets},
      note = {\url{https://www.brookings.edu/articles/what-irans-1979-revolution-meant-for-us-and-global-oil-markets/} }
      }
